 %% This BibTeX bibliography file was created using BibDesk.

%% http://bibdesk.sourceforge.net/

%% Created for Lauro Cesar Araujo at 2015-04-27 19:43:45 -0300 

%% Saved with string encoding Unicode (UTF-8) 



%Minhas referecnias

@misc{automacao,
  Author = {Genyo},
  title = {O que é e como colher os benefícios na sua empresa},
  Url = {https://genyo.com.br/automacao/?utm_source=chatgpt.com},
  note = {Accessed: 25/05/2025},
  Year = {2024}
}

@misc{CNI,
  Author = {CNI},
  title = {INDÚSTRIA 4.0 CINCO ANOS DEPOIS},
  Url = {https://static.portaldaindustria.com.br/media/filer_public/cd/a2/cda22223-5c33-4a5f-af4e-f5a5d64b3d85/sondespecial_industria40_cincoanosdepois_abril2022.pdf?utm_source=chatgpt.com},
  note = {Accessed: 27/05/2025},
  Year = {2022}
}

@misc{aumentoAosAnos,
  Author = {REVISTA MUNDO ELÉTRICO},
  title = {Mercado de automação residencial segue em forte crescimento},
  Url = {https://www.revistamundoeletrico.com.br/tecnologia/tecnologia-tecnologia/mercado-de-automacao-residencial-segue-em-forte-crescimento/},
  note = {Accessed: 27/05/2025},
  Year = {2023}
}

@misc{cresceuBR,
    Author = {MONEY REPORT},
    title = {Automação residencial cresceu 21,8\%},
    url = {https://www.moneyreport.com.br/negocios/automacao-residencial-cresceu-218/},
    note = {Accessed: 27/05/2025},
    Year = {2024}
}

@manual{historiaAutomacao,
  author    = {Leandro Roggia and Rodrigo Cardozo Fuentes},
  title     = {Automação Industrial},
  year      = {2016},
  organization = {UFSM Rio Grande do Sul},
  note      = {Disponível em: \url{https://professor.pucgoias.edu.br/SiteDocente/admin/arquivosUpload/18451/material/arte_automacao_industrial.pdf}}
}

@misc{automacaoResidencial,
    Author = {Casa Digital Automação Residencial},
    title = {Como a Automação Residencial Pode Facilitar Meu Dia a Dia?},
    url = {https://casadigitaloficial.com/��blog/f/como-a-automação-residencial-pode-facilitar-meu-dia-a-dia},
    note = {Accessed: 25/06/2025},
    Year = {2024}
}

@misc{automacaoCovid,
    Author = {Pádua Martins},
    title = {Smart home no Brasil deve crescer 91,06\% ate 2026},
    url = {https://www.trendsce.com.br/2023/01/18/smart-home-no-brasil-deve-crescer-9106-ate-2026/},
    note = {Accessed: 27/06/2025},
    Year = {2023}
}

@misc{automacaoDepoisCovid,
    Author = {Fortunes Busines Insights},
    title = {Tamanho do mercado de automação residencial, participação e análise da indústria, por componente (produtos e serviços), por tecnologia de rede (com fio, sem fio e baseada em linha de energia) e previsão regional, 2024-2032},
    url = {https://www.fortunebusinessinsights.com/pt/industry-reports/home-automation-market-100074},
    note = {Accessed: 28/06/2025},
    Year = {2025}
}

@misc{piscinaHistoria,
    Author = {Fibratec},
    title = {Conheça a história das piscinas},
    url = {https://fibratecpiscinas.com.br/blog/historia-das-piscinas},
    note = {Accessed: 01/07/2025},
    Year = {2021}
}

@misc{piscinaOquee,
    Author = {ENGEVIL PISCINAS},
    title = {A História da Piscina},
    url = {https://www.engevilpiscinas.com.br/historia-da-piscina/},
    note = {Accessed: 01/07/2025},
    Year = {}
}

@misc{automacaoAntiga,
    Author = {Jeremy S. Cook},
    title = {A history of autonomous robots and early automation milestones},
    url = {https://www.arrow.com/en/research-and-events/articles/a-history-of-autonomous-robots-and-early-automation-milestones},
    note = {Accessed: 09/07/2025},
    Year = {2022}
}

@article{adventoMidias,
    author = {Álvaro Gonçalves de Barros and Carlos Henrique Medeiros de Souza and Risiberg Teixeira},
    title = {EVOLUÇÃO DAS COMUNICAÇÕES ATÉ A INTERNET DAS COISAS: A PASSAGEM PARA UMA NOVA ERA DA COMUNICAÇÃO HUMANA},
    url = {https://pdfs.semanticscholar.org/fc9e/86ed78a37d3bf92717d7561ee6f1f964c801.pdf},
    note = {Accessed: 09/07/2025},
    year = {2023}
}

%página 9 esse

@misc{maisSobreXX,
    Author = {dgtcom},
    title = {Uma breve história da automação.},
    url = {https://avextechnology.com.br/uma-breve-historia-da-automacao},
    note = {Accessed: 10/07/2025},
    Year = {2020}
}

@book{livroAutomacao,
    author = {FÁBIO AUGUSTO GENTILIN},
    publisher = {Unicesumar},
    title = {Automação Industrial},
    url = {https://pt.scribd.com/document/552418173/livro-automacao},
    note = {Accessed: 11/07/2025},
    year = {2020}
}

@misc{guiaAutomacao,
    Author = {Redação BRQ},
    title = {Automação: o Guia Completo sobre esse assunto},
    url = {https://blog.brq.com/automacao},
    note = {Accessed: 11/07/2025},
    Year = {2024}
}

@misc{clps,
    Author = {Blog Macrotec},
    title = {O que é CLP e qual sua importância na automação industrial?},
    url = {https://macrotec.ind.br/o-que-e-clp-e-qual-sua-importancia-na-automacao-industrial},
    note = {Accessed: 11/07/2025}
}

@article{automacaoComercial,
  title={I7-Gestor: uma ferramenta de automa{\c{c}}{\~a}o comercial para pequenos com{\'e}rcios no munic{\'\i}pio de Itacoatiara-Amazonas},
  author={Silv{\'e}rio, Anderson Nogueira and others},
  url={https://riu.ufam.edu.br/bitstream/prefix/6165/2/TCC_AndersonSilvério.pdf},
  year={2022},
  publisher={Brasil},
  note = {Accessed: 13/07/2025}
}

@article{sensor,
  title={Sensores industriais: Finalidade e aplica{\c{c}}{\~o}es dos sensores industriais},
  url = {https://repositorio.pgsscogna.com.br/bitstream/123456789/66244/1/CARLOS_ADOLFO_DA_SILVA_MOREIRA.pdf},
  author={da Silva Moreira, Carlos Adolfo and Righetti, Marcus},
  note = {Accessed: 13/07/2025}
}

@book{atuadoresOutros,
    Author = {Valte Luís Arlindo de Camargo},
    publisher = {Editora Érica},
    title = {Elementos de Automação},
    url = {https://pt.scribd.com/document/439690722/Elementos-de-Automacao-pdf},
    note = {Accessed: 18/07/2025},
    Year = {2014}
}

@article{atuadoresAutomacao,
  title={ENEGNHEIRO ELÉTRICO/INSTUMENTAÇÃO ATUADORES},
  author={Hermini and Helder Anibal },
  url={http://ftp.demec.ufpr.br/disciplinas/EngMec_NOTURNO/TM372/Conte%FAdos/3%20Atuadores/Eng%20Eletrico%20instrumenta%20o_Atuadores_%20UNICAMP.pdf},
  year={2007},
  note = {Accessed: 18/07/2025}
}

%Conferiri essa fonte

@online{limpezaFiltros,
  author    = {Portal Ideia},
  title     = {Limpeza e Manutenção de Piscinas},
  url       = {https://portalidea.com.br/cursos/limpeza-e-manuteno-de-piscinas-apostila03.pdf},
  note      = {Acessado em: 24 jul. 2025}
}

%Conferiri essa fonte

@online{piscineiroProfissional,
  author    = {Portal Ideia}, 
  title     = {Limpeza e Manutenção de Piscinas},
  url       = {https://portalidea.com.br/cursos/e643d94d6e685cffa352bd7370bf84a7.pdf},
  note      = {Acessado em: 24 jul. 2025}
}

@misc{refComponents,
    Author = {Tom Harris},
    title = {Como funcionam as Piscinas},
    url = {https://home.howstuffworks.com/swimming-pool.htm},
    note = {Accessed: 12/09/2025},
    Year = {2025}
}

@article{tccSilva,
  title={Estudo de caso sobre o processo de tratamento de {\'a}gua em uma piscina industrial de testes hidrost{\'a}ticos},
  author={Silva, S{\'a}vio Mendes},
  url = {https://pantheon.ufrj.br/bitstream/11422/16271/1/TCCSMSilva.pdf},
  journal={Trabalho de Conclus{\~a}o de Curso (Bacharelado em Engenharia Mec{\^a}nica)-Instituto Polit{\'e}cnico, Universidade Federal do Rio de Janeiro, Maca{\'e}},
  year={2021}
}

@manual{guiaTratamento,
  author    = {ATcllor},
  title     = {Guia de Tratamento de Piscinas},
  year      = {2021},
  organization = {ATClor},
  note      = {Disponível em: \url{https://atcllor.com.br/download/Guia-do-Tratamento.pdf}}
}

@misc{normas,
    Author = {Equipe Target},
    title = {Norma técnica garante a qualidade da água de piscina para não causar prejuízo à saúde e ao bem-estar do usuário},
    url = {https://www.normas.com.br/visualizar/artigo-tecnico/2695?sig=Rk5PYmJNWjdsSGhqS1NNZFgvQk5QS1cwd1dvc3drQkFUZXVsL2d6SWdaMGlsSG9acnNZL2tQRld5UFNIS1FHN243T2V1ZzhyZTJpZSsxcUxVRklQVVNsVis1dkVaS1ZRSnBNdTlrdlJ2RjN3cmJVbXd0QUcwSHNLdUhBQVB2RGEyRHMyZXcybzdYeVJYMEJrdm5EUlpmTGh5QjdBRDFwNTFrR0lyYjRhSHdSelo3RVNCZ01VTmhrMlRtTGllWWxCaUpzRTJDRlh2ZFBZa2lIK2lVUjdWRG0vcG10WVlSdUpwMVZyTW9tRExnVzR2QTM0aVowUDhobldaTEgrVHA0dDkreGFXQ3REbERkTitDdFNLOWtuRzc1eEJkSmZ4a2FMZHZaU05KNkpjRktXVWR5bVAzZjQvaFlROEdUd2RHa3llTGlwcmQwZ2FHdmdNTDY2eVVjaEdlZWIzL0hxc1hJdDdxRnZZOURvL0JOc3VzVE1ObzBqZm8ra0VDNG1ydDlucm9mbDZGUnZqNjQyWkdIUWltWHdEU0pHd1lFMGh2Rlhod1duT2xhS0tBaz0=&n=MDA3QjVCM0MtMUM4OC00NzJDLTlBN0QtODQxMDIyRDIwQ0Ex},
    note = {Accessed: 29/09/2025},
    Year = {2016}
}

@misc{gencoEmpresa,
    Author = {GENCO®},
    url = {https://www.genco.com.br/estojo-ot},
    note = {Accessed: 02/10/2025},
    Year = {Accessed: 02/10/2025}
}

@article{automacaoResidencialCap1,
  title={Cap{\'\i}tulo I Automa{\c{c}}{\~a}o residencial: hist{\'o}rico, defini{\c{c}}{\~o}es e conceitos},
  author={Muratori, Jos{\'e} Roberto and Dal B{\'o}, Paulo Henrique},
  url = {https://www.osetoreletrico.com.br/wp-content/uploads/2011/04/Ed62_fasc_automacao_capI.pdf},
  journal={O Setor el{\'e}trico},
  pages={70--77},
  year={2011}
}

@article{algunsAspectos,
  title={Alguns aspectos sobre a automa{\c{c}}{\~a}o residencial: dom{\'o}tica},
  author={Teza, Vanderlei Rabelo and others},
  url = {https://repositorio.ufsc.br/handle/123456789/83015},
  year={2002},
  publisher={Florian{\'o}polis, SC}
}

@article{automacaoTecnologiaPraticidade,
  title={AUTOMAÇÃO RESIDENCIAL: ALIANDO TECNOLOGIA E PRATICIDADE},
  author={DAGOSTIM, Natália Emanoele and JORGE, Gabriela Bandeira},
  url = {https://www4.fag.edu.br/anais-2022/Anais-2022-53.pdf},
  year={2022}
}

@article{oliveira2019domotica,
  title={DOM{\'O}TICA: substitui{\c{c}}{\~a}o da fia{\c{c}}{\~a}o de retorno nas instala{\c{c}}{\~o}es el{\'e}tricas por cabeamento de dados e sistemas microcontrolados},
  author={Oliveira, Gabriel Fl{\'a}vio and Alves, Marcelo Caetano Oliveira},
  journal={SITEFA},
  volume={2},
  number={1},
  pages={391--403},
  url = {https://publicacoes.fatecsertaozinho.edu.br/sitefa/article/view/61/66},
  year={2019}
}

@article{alves2020substituiccao,
  title={substitui{\c{c}}{\~a}o da fia{\c{c}}{\~a}o de retorno nas instala{\c{c}}{\~o}es el{\'e}tricas por cabeamento de dados e sistemas microcontrolados},
  author={Alves, Marcelo Caetano Oliveira and de Oliveira, Gabriel Fl{\'a}vio},
  journal={Simp{\'o}sio de Inicia{\c{c}}{\~a}o Cient{\'\i}fica e Tecnol{\'o}gica},
  volume={2},
  number={1},
  pages={1--3},
  url = {https://publicacoescesu.cps.sp.gov.br/sict/article/view/565/614},
  year={2020}
}

@article{hipolito2018automaccao,
  title={Automa{\c{c}}{\~a}o residencial com Arduino},
  author={Hip{\'o}lito, Jos{\'e} Guilherme and SILVA, Miqu{\'e}ias de Jesus da},
  year={2018},
  publisher={Centro Universit{\'a}rio UNIFAFIBE},
  url = {https://unifafibe.com.br/revistasonline/arquivos/revistaeletrica/sumario/69/06022019135904.pdf}
}

@article{accardi2012automaccao,
  title={Automa{\c{c}}{\~a}o residencial: elementos b{\'a}sicos, arquiteturas, setores, aplica{\c{c}}{\~o}es e protocolos},
  author={Accardi, Adonis and Dodonov, Eugeni},
  journal={Revista TIS},
  volume={1},
  number={2},
  year={2012}
}

@article{benedito2024projeto,
  title={Projeto: expans{\~a}o de uma empresa prestadora de servi{\c{c}}os em tratamento e limpeza de piscinas},
  author={BENEDITO, Joana Natalia Freitas Joana Natalia Freitas and Mayta, Brayan Kevin Choque and ROCHA, Alessandra In{\'a}cio da Silva and SALAVRACOS, Christiane de Assis and SANTANA JUNIOR, Marcelo de Jesus and VIANA, Sabrina Santos and others},
  year={2024},
  publisher={238},
  url = {http://ric-cps.eastus2.cloudapp.azure.com/bitstream/123456789/28057/1/Empresa%20prestadora%20de%20serviços%20em%20tratamento%20e%20limpeza%20de%20piscinas%20-%20Expansão.pdf}
}

@article{juca2018aplicaccoes,
  title={Aplica{\c{c}}{\~o}es pr{\'a}ticas de sistemas embarcados Linux utilizando Raspberry Pi},
  author={Juc{\'a}, Sandro and Pereira, Renata},
  journal={PoD Editoria},
  url = {https://d1wqtxts1xzle7.cloudfront.net/60918451/Livro-Aplicacoes-Praticas-Rpi20191016-13857-1jp2kma-libre.pdf?1571223807=&response-content-disposition=inline%3B+filename%3DAplicacoes_Praticas_de_sistemas_embarcad.pdf&Expires=1761677643&Signature=SzVXRH-SUaodC0J119Zq1x6j6e-Uq80w~Cy4~QxiSVJDWVM5YgOx-fOYdLwFyDu7mZLRtSB6XC7krw--Kw1TKN9THps~flL65lPt7tUssYl3w-rWQbMPN6M5vNg75dc0-g2CzlVvXfnEBljOr5A4WStb4JK8Lww4k86xCXyCoX3PA-D5eU0wCg~5Sp0~h~wJBFWFx5YwaQ5HNEijADHE1hxFFBimYjA5h7CySXlcf5gt~CTJ8hCT5MvASY-HgneijPnIsA2k3AxZKXMTotzHPRVG36TTHsnJS8P3aLN3w9qh~FgYOA8Pd2nx-rHYhh~6pT25z-bDS-tZpxT-54yfZg__&Key-Pair-Id=APKAJLOHF5GGSLRBV4ZA},
  year={2018}
}

@article{dos2018desenvolvimento,
  title={Desenvolvimento de sistema autom{\'a}tico de an{\'a}lise de ph e temperatura da {\'a}gua para aquicultura},
  author={dos Santos, Monique Vir{\~a}es Barbosa and Domiciano, Carlos Alberto Ramos and da Guia Rocha, Fabiano and de Lima, Cristian Jacques Bolner and de Jesus, L{\'a}zaro Alecrim and Moura, Joeder Rodrigues Fran{\c{c}}a},
  journal={Anais do Computer on the Beach},
  volume={9},
  pages={325--333},
  url = {file:///C:/Users/voluciano/Downloads/rdazzi,+178832.pdf},
  year={2018}
}

@article{leite2020plataforma,
  title={Plataforma de monitoramento da qualidade d{\'a} {\'a}gua utilizando sistemas embarcados},
  author={Leite, Maria Yasmim Fernandes},
  url = {https://repositorio.ufersa.edu.br/server/api/core/bitstreams/7313f04b-7ce8-4c36-b737-bd7e64caab7d/content},
  year={2020}
}

@article{cardoso2011sensor,
  title={Sensor de turbidez para an{\'a}lise de amostras de {\'a}gua},
  author={Cardoso, Thaiany Guilherme},
  url = {https://files.core.ac.uk/download/pdf/185254372.pdf},
  year={2011}
}

@article{souza2018sensor,
  title={Sensor de n{\'\i}vel tipo deslocador com autocompensa{\c{c}}{\~a}o da densidade do l{\'\i}quido},
  author={Souza, Matheus Oliveira},
  year={2018},
  url = {https://ri.ufs.br/bitstream/riufs/9568/2/MATHEUS_OLIVEIRA_SOUZA.pdf},
  publisher={P{\'o}s-Gradua{\c{c}}{\~a}o em Engenharia El{\'e}trica}
}

@article{lucifabio2023aquario,
  title={Aqu{\'a}rio automatizado},
  author={LUCIFABIO, Eg{\'\i}dio Martins and MAZZIERO, Cleber and PEPATO, Douglas and SCHUENKE, Luis Felipe},
  year={2023},
  url = {http://ric-cps.eastus2.cloudapp.azure.com/bitstream/123456789/13360/1/TCC%20-%20AQUÁRIO%20AUTOMATIZADO-2023.pdf},
  publisher={091}
}

@article{florencio2015central,
  title={Central microcontrolada para automa{\c{c}}{\~a}o residencial: controle sem fio para sensores e atuadores},
  author={Flor{\^e}ncio, Guilherme},
  year={2015},
  url = {https://repositorio.ifsp.edu.br/server/api/core/bitstreams/d3970e46-37d0-4aac-a5c6-57b8db1952d4/content},
  publisher={Instituto Federal de Educa{\c{c}}{\~a}o, Ci{\^e}ncia e Tecnologia de S{\~a}o Paulo (IFSP)}
}

@article{linguagemProgramacao,
  title={Introdução a lógica e a Linguagem de Programação},
  author={Wagner Santos C. de Jesus},
  year={Acessado em: 2025},
  url = {https://www1.univap.br/wagner/Logica_Prog-1.pdf},
  publisher={Universidade do Vale do Paraíba}
}

@article{dadesenvolvimento,
  title={DESENVOLVIMENTO DE FRONT-END E BACK-END PARA N{\'O}S SENSORES SEM FIO},
  author={da Silva J{\'u}nior, Paulo Fernandes and Muniz, Jos{\'e} Ribamar Cerqueira and Santana, Ewaldo Eder Carvalho and de Ara{\'u}jo Oliveira, Ant{\^o}nio Augusto and de Sousa Marques, Gustavo and Jardim, Victor Wendel de Melo Pereira and de Souza, Bartolomeu Israel and Fernandes, Gabrielle Muniz and Rodrigues, Iori Fernando C and Silva, Aline Mariana Barros and others},
  year={Acessado em: 2025},
  url = {https://www.researchgate.net/profile/Paulo-Silva-Junior/publication/376763873_DESENVOLVIMENTO_DE_FRONT-END_E_BACK-END_PARA_NOS_SENSORES_SEM_FIO/links/6592aede6f6e450f19bc87af/DESENVOLVIMENTO-DE-FRONT-END-E-BACK-END-PARA-NOS-SENSORES-SEM-FIO.pdf}
}

